<record><leader>00000cas a22000007a 4500</leader><controlfield tag="001">19349572</controlfield><controlfield tag="008">890313d193219uuaruwr ne      0    0eng d</controlfield><datafield ind1=" " ind2=" " tag="010"><subfield code="a">sn 89051086 </subfield></datafield><datafield ind1=" " ind2=" " tag="040"><subfield code="a">ANU</subfield><subfield code="b">eng</subfield><subfield code="c">ANU</subfield><subfield code="d">OCLCQ</subfield></datafield><datafield ind1=" " ind2=" " tag="042"><subfield code="a">msc</subfield></datafield><datafield ind1="0" ind2="4" tag="245"><subfield code="a">The Arkansas eagle.</subfield></datafield><datafield ind1="1" ind2="7" tag="246"><subfield code="a">Pea Ridge eagle</subfield></datafield><datafield ind1=" " ind2=" " tag="260"><subfield code="a">Pea Ridge, Benton County, Ark. :</subfield><subfield code="b">J.C. Propp.</subfield></datafield><datafield ind1=" " ind2=" " tag="300"><subfield code="a">v.</subfield></datafield><datafield ind1=" " ind2=" " tag="310"><subfield code="a">Weekly</subfield></datafield><datafield ind1="0" ind2=" " tag="362"><subfield code="a">Vol. 1, no. 1 (July 19, 1932)-</subfield></datafield><datafield ind1=" " ind2=" " tag="752"><subfield code="a">United States</subfield><subfield code="b">Arkansas</subfield><subfield code="c">Benton</subfield><subfield code="d">Pea Ridge.</subfield></datafield></record>